%YAML 1.1
%TAG !u! tag:unity3d.com,2011:
--- !u!1 &1623225983386188
GameObject:
  m_ObjectHideFlags: 0
  m_CorrespondingSourceObject: {fileID: 0}
  m_PrefabInstance: {fileID: 0}
  m_PrefabAsset: {fileID: 0}
  serializedVersion: 6
  m_Component:
  - component: {fileID: 4685489632100070}
  - component: {fileID: 33591307731500248}
  - component: {fileID: 23296696715693160}
  - component: {fileID: 64631370620599328}
  - component: {fileID: 114752152995759962}
  - component: {fileID: 114919166952091654}
  m_Layer: 0
  m_Name: BlueNormalTile
  m_TagString: Untagged
  m_Icon: {fileID: 0}
  m_NavMeshLayer: 0
  m_StaticEditorFlags: 0
  m_IsActive: 1
--- !u!4 &4685489632100070
Transform:
  m_ObjectHideFlags: 0
  m_CorrespondingSourceObject: {fileID: 0}
  m_PrefabInstance: {fileID: 0}
  m_PrefabAsset: {fileID: 0}
  m_GameObject: {fileID: 1623225983386188}
  m_LocalRotation: {x: -0.7071068, y: -0, z: -0, w: 0.7071067}
  m_LocalPosition: {x: -18.839128, y: 10.25099, z: -18.832335}
  m_LocalScale: {x: 100, y: 99.99997, z: 99.99997}
  m_ConstrainProportionsScale: 0
  m_Children: []
  m_Father: {fileID: 0}
  m_RootOrder: 0
  m_LocalEulerAnglesHint: {x: 0, y: 0, z: 0}
--- !u!33 &33591307731500248
MeshFilter:
  m_ObjectHideFlags: 0
  m_CorrespondingSourceObject: {fileID: 0}
  m_PrefabInstance: {fileID: 0}
  m_PrefabAsset: {fileID: 0}
  m_GameObject: {fileID: 1623225983386188}
  m_Mesh: {fileID: -2124705421725058983, guid: a9f47ed313f60b548bce1a357f2de694, type: 3}
--- !u!23 &23296696715693160
MeshRenderer:
  m_ObjectHideFlags: 0
  m_CorrespondingSourceObject: {fileID: 0}
  m_PrefabInstance: {fileID: 0}
  m_PrefabAsset: {fileID: 0}
  m_GameObject: {fileID: 1623225983386188}
  m_Enabled: 1
  m_CastShadows: 0
  m_ReceiveShadows: 1
  m_DynamicOccludee: 1
  m_StaticShadowCaster: 0
  m_MotionVectors: 1
  m_LightProbeUsage: 1
  m_ReflectionProbeUsage: 1
  m_RayTracingMode: 2
  m_RayTraceProcedural: 0
  m_RenderingLayerMask: 1
  m_RendererPriority: 0
  m_Materials:
  - {fileID: 2100000, guid: d28c2552b13ceb647bac51fd606f5108, type: 2}
  - {fileID: 2100000, guid: 0adb73fabe8cfbc4aa8add86e40122e1, type: 2}
  m_StaticBatchInfo:
    firstSubMesh: 0
    subMeshCount: 0
  m_StaticBatchRoot: {fileID: 0}
  m_ProbeAnchor: {fileID: 0}
  m_LightProbeVolumeOverride: {fileID: 0}
  m_ScaleInLightmap: 1
  m_ReceiveGI: 1
  m_PreserveUVs: 0
  m_IgnoreNormalsForChartDetection: 0
  m_ImportantGI: 0
  m_StitchLightmapSeams: 1
  m_SelectedEditorRenderState: 3
  m_MinimumChartSize: 4
  m_AutoUVMaxDistance: 0.5
  m_AutoUVMaxAngle: 89
  m_LightmapParameters: {fileID: 0}
  m_SortingLayerID: 0
  m_SortingLayer: 0
  m_SortingOrder: 0
  m_AdditionalVertexStreams: {fileID: 0}
--- !u!64 &64631370620599328
MeshCollider:
  m_ObjectHideFlags: 0
  m_CorrespondingSourceObject: {fileID: 0}
  m_PrefabInstance: {fileID: 0}
  m_PrefabAsset: {fileID: 0}
  m_GameObject: {fileID: 1623225983386188}
  m_Material: {fileID: 0}
  m_IsTrigger: 0
  m_Enabled: 1
  serializedVersion: 4
  m_Convex: 1
  m_CookingOptions: 30
  m_Mesh: {fileID: -2124705421725058983, guid: a9f47ed313f60b548bce1a357f2de694, type: 3}
--- !u!114 &114752152995759962
MonoBehaviour:
  m_ObjectHideFlags: 0
  m_CorrespondingSourceObject: {fileID: 0}
  m_PrefabInstance: {fileID: 0}
  m_PrefabAsset: {fileID: 0}
  m_GameObject: {fileID: 1623225983386188}
  m_Enabled: 1
  m_EditorHideFlags: 0
  m_Script: {fileID: 11500000, guid: f5b1e8b5ac000bb458b3bfe787dae144, type: 3}
  m_Name: 
  m_EditorClassIdentifier: 
  m_WeightInfo:
    bBlocked: 0
    Weight: 0
--- !u!114 &114919166952091654
MonoBehaviour:
  m_ObjectHideFlags: 0
  m_CorrespondingSourceObject: {fileID: 0}
  m_PrefabInstance: {fileID: 0}
  m_PrefabAsset: {fileID: 0}
  m_GameObject: {fileID: 1623225983386188}
  m_Enabled: 1
  m_EditorHideFlags: 0
  m_Script: {fileID: 11500000, guid: 3266cc3fbb42e8a4daa9456dd5936a41, type: 3}
  m_Name: 
  m_EditorClassIdentifier: 
  m_HoverMatStates:
  - m_Index: 0
    m_Material: {fileID: 2100000, guid: a2574c66008309045b7178f3c56d6ca0, type: 2}
  - m_Index: 1
    m_Material: {fileID: 2100000, guid: 83cc219829c81454686a001a902bab41, type: 2}
  m_PositiveMatStates:
  - m_Index: 0
    m_Material: {fileID: 2100000, guid: 00be21c6218ce3743bb19a49d620ef8e, type: 2}
  - m_Index: 1
    m_Material: {fileID: 2100000, guid: 2d607a5f6e16d4f45b16a2e52e43ace6, type: 2}
  m_NegativeMatStates:
  - m_Index: 0
    m_Material: {fileID: 2100000, guid: a3f52678273611849a3bfccda21a86e3, type: 2}
  - m_Index: 1
    m_Material: {fileID: 2100000, guid: 78d075a93073bd948b5a96ec5cb0551a, type: 2}
  m_MovementMatStates:
  - m_Index: 0
    m_Material: {fileID: 2100000, guid: 4fb158f0507b14a4e8459bc4defa37e8, type: 2}
  - m_Index: 1
    m_Material: {fileID: 2100000, guid: 877b4087f2ed23c46b0327797f6cdc16, type: 2}
